93fd51c5ff8707e8cab06b567c83279c