@TechReport{SwerissenDuckett-2016-Chronic-failure-primary-care,
  author       = {Swerissen, Hal and Duckett, Stephen and Wright, Jo},
  institution  = {Grattan Institute},
  url          = {https://grattan.edu.au/report/chronic-failure-in-primary-care/},
  date         = {2016-03-06},
  number       = {Report No. 2016-2},
  title        = {Chronic failure in primary care},
}

@TechReport{AIHW-Expenditure-2014-15,
  author       = {{Australian Institute of Health and Welfare}},
  institution  = {Australian Institute of Health and Welfare},
  url          = {http://www.aihw.gov.au/publication-detail/?id=60129557170},
  date         = {2016-10-06},
  title        = {Health expenditure Australia 2014-15},
}

@TechReport{AIHW-Aus-Health-2014,
  author       = {{Australian Institute of Health and Welfare}},
  institution  = {Australian Institute of Health and Welfare},
  url          = {http://www.aihw.gov.au/publication-detail/?id=60129547205},
  date         = {2014-06-25},
  title        = {Australia's health 2014},
}

@TechReport{AIHW-Expenditure-2008-09,
  author       = {{Australian Institute of Health and Welfare}},
  institution  = {Australian Institute of Health and Welfare},
  url          = {http://www.aihw.gov.au/publication-detail/?id=6442472450},
  date         = {2010-12-14},
  title        = {Health expenditure Australia 2008-09},
}

@TechReport{ABS-health-survey-2014-15,
  author       = {{ABS}},
  institution  = {Australian Bureau of Statistics},
  url          = {http://www.abs.gov.au/AUSSTATS/abs@.nsf/Lookup/4364.0.55.001Main+Features100012014-15?OpenDocument},
  date         = {2016},
  note         = {cat. no. 4364.0.55.001},
  title        = {National Health Survey: First Results, 2014-15},
}

@TechReport{NHPA-2015,
  author       = {{National Health Performance Authority}},
  institution  = {National Health Performance Authority},
  url          = {http://www.myhealthycommunities.gov.au/our-reports/frequent-gp-attenders-use-health-services/march-2015},
  date         = {2015-03-19},
  title        = {Healthy communities: frequent GP attenders and their use of health services in 2012-13},
}

@Article{RN10499,
  author       = {Lakdawalla, Darius and Shafrin, Jason and Lucarelli, Claudio and Nicholson, Sean and Khan, Zeba M. and Philipson, Tomas J.},
  date         = {2015},
  journal      = {Health Affairs},
  number       = {4},
  pages        = {555--561},
  title        = {Quality-Adjusted Cost Of Care: A Meaningful Way To Measure Growth In Innovation Cost Versus The Value Of Health Gains},
  volume       = {34},
}

@TechReport{AIHW-hospital-2014-15,
  author       = {{Australian Institute of Health and Welfare}},
  institution  = {Australian Institute of Health and Welfare},
  url          = {http://www.aihw.gov.au/publication-detail/?id=60129554702&tab=3},
  date         = {2016-03-16},
  title        = {Admitted patient care 2014–15: Australian hospital statistics},
}

@TechReport{AIHW-hospital-2005-06,
  author       = {{Australian Institute of Health and Welfare}},
  institution  = {Australian Institute of Health and Welfare},
  url          = {http://www.aihw.gov.au/publication-detail/?id=6442467993&tab=2},
  date         = {2007-05-31},
  title        = {Australian hospital statistics 2005-06},
}

@TechReport{ABS-2016-Aust-Demographic-stats,
  author       = {{ABS}},
  institution  = {Australian Bureau of Statistics},
  url          = {http://www.abs.gov.au/AUSSTATS/abs@.nsf/allprimarymainfeatures/9D56A542A17EF188CA2580EB001335A8?opendocument},
  date         = {2016-12-15},
  note         = {cat. no. 3101.0},
  title        = {Australian Demographic Statistics, Jun 2016},
}

@TechReport{ABS-hist-pop-2014,
  author       = {{ABS}},
  institution  = {Australian Bureau of Statistics},
  url          = {http://www.abs.gov.au/AUSSTATS/abs@.nsf/DetailsPage/3105.0.65.0012014?OpenDocument},
  date         = {2014},
  note         = {cat. no. 3105.0.65.001},
  title        = {Australian Historical Population Statistics, 2014},
}

@TechReport{OECD-health-2015,
  author       = {{OECD}},
  institution  = {Organisation for Economic Co-operation and Development},
  url          = {http://www.oecd.org/australia/Health-at-a-Glance-2015-Key-Findings-AUSTRALIA.pdf},
  date         = {2015},
  title        = {Health at a Glance 2015: How does Australia compare?},
}

@Article{RN10496,
  author       = {Schofield, Deborah and Shrestha, Rupendra N. and Cunich, Michelle and Tanton, Robert and Kelly, Simon and Passey, Megan E. and Veerman, Lennert J.},
  date         = {2015},
  journal      = {Medical Journal of Australia},
  number       = {6},
  pages        = {260e1--e5},
  title        = {Lost productive life years caused by chronic conditions in Australians aged 45-64 years, 2010-2030},
  volume       = {203},
}

@Article{RN10494,
  author       = {Verikios, George and Dixon, Peter B. and Rimmer, Maureen T. and Harris, Anthony H.},
  date         = {2015},
  journal      = {Economic Modelling},
  pages        = {250--261},
  title        = {Improving health in an advanced economy: An economywide analysis for Australia},
  volume       = {46},
}

@Article{RN10495,
  author       = {Schofield, Deborah and Shrestha, Rupendra N and Cunich, Michelle M and Tanton, Robert and Veerman, Lennert and Kelly, Simon J and Passey, Megan E},
  date         = {2016},
  journal      = {BMJ Open},
  number       = {9},
  title        = {Economic costs of chronic disease through lost productive life years (PLYs) among Australians aged 45–64 years from 2015 to 2030: results from a microsimulation model},
  volume       = {6},
}

@Misc{COAG2016,
  author       = {{COAG}},
  organization = {Council of Australian Governments},
  url          = {https://www.coag.gov.au/about-coag/agreements/heads-agreement-between-commonwealth-and-states-and-territories-public},
  date         = {2016},
  title        = {Heads of Agreement between the Commonwealth and the States and Territories on Public Hospital Funding},
}

@TechReport{dunlevy2017,
  author       = {Dunlevy, Sue},
  institution  = {news.com.au},
  url          = {http://www.news.com.au/lifestyle/health/health-problems/patients-will-be-pushed-to-use-generic-drugs-as-medicine-prices-fall-in-the-upcoming-federal-budget/news-story/84d5aa7906bfc891fe91df856966ba24},
  date         = {2017},
  note         = {21 April},
  title        = {Patients will be pushed to use ‘generic drugs’ as medicine prices fall in the upcoming federal budget},
}

@TechReport{PBO-medicare-2015,
  author       = {PBO},
  institution  = {Parliamentary Budget Office},
  url          = {http://www.aph.gov.au/About_Parliament/Parliamentary_Departments/Parliamentary_Budget_Office/Reports/Research_reports/Medicare_Benefits_Schedule?CalendarWidgetTarget=31-01-2016&tab=tab2bt},
  date         = {2015},
  note         = {Report no. 04/2015},
  title        = {Medicare Benefits Schedule: Spending trends and projections},
}

@Book{boxall2013making,
  author       = {Boxall, Anne-Marie and Gillespie, James},
  publisher    = {UNSW Press},
  date         = {2013},
  title        = {Making Medicare: the politics of universal health care in Australia},
}

@Article{Duckett-theConvo-copay,
  author       = {Duckett, Stephen},
  url          = {https://theconversation.com/higher-health-co-payments-will-hit-the-most-vulnerable-29590},
  date         = {2014-07-29},
  journal      = {The Conversation},
  title        = {Higher health co-payments will hit the most vulnerable},
}

@Book{russell2013primary,
  author       = {Russell, Lesley},
  publisher    = {Australian Primary Health Care Research Institute},
  date         = {2013},
  title        = {Primary care and general practice in Australia 1990-2012: A Chronology of Federal Government strategies, policies, programs and funding},
}

@Article{sibbald2006advanced,
  author       = {Sibbald, Bonnie and Laurant, Miranda G and Reeves, David},
  date         = {2006},
  journal      = {Medical Journal of Australia},
  number       = {1},
  pages        = {10},
  title        = {Advanced nurse roles in UK primary care},
  volume       = {185},
}

@Article{martinez2014substitution,
  author       = {Martínez-González, Nahara Anani and Djalali, Sima and Tandjung, Ryan and Huber-Geismann, Flore and Markun, Stefan and Wensing, Michel and Rosemann, Thomas},
  date         = {2014},
  journal      = {BMC health services research},
  number       = {1},
  pages        = {214},
  title        = {Substitution of physicians by nurses in primary care: a systematic review and meta-analysis},
  volume       = {14},
}

@Article{martinez2015impact,
  author       = {Martínez-González, Nahara A and Tandjung, Ryan and Djalali, Sima and Rosemann, Thomas},
  date         = {2015},
  journal      = {Human resources for health},
  number       = {1},
  pages        = {55},
  title        = {The impact of physician--nurse task shifting in primary care on the course of disease: a systematic review},
  volume       = {13},
}

@Article{parker2016nurses,
  author       = {Parker, Sharon and Fuller, Jeffrey},
  date         = {2016},
  journal      = {Health \& social care in the community},
  number       = {2},
  pages        = {113--122},
  title        = {Are nurses well placed as care co-ordinators in primary care and what is needed to develop their role: a rapid review?},
  volume       = {24},
}

@TechReport{ABS-2016-Aust-Demographic-stats-sep,
  author       = {{ABS}},
  institution  = {Australian Bureau of Statistics},
  url          = {http://www.abs.gov.au/AUSSTATS/abs@.nsf/allprimarymainfeatures/BCDDE4F49C8A3D1ECA257B8F00126F77?opendocument},
  date         = {2017-03-23},
  note         = {cat. no. 3101.0},
  title        = {Australian Demographic Statistics, Sep 2016},
}

@TechReport{ABS-2016-CPI-Dec,
  author       = {{ABS}},
  institution  = {Australian Bureau of Statistics},
  url          = {http://www.abs.gov.au/AUSSTATS/abs@.nsf/allprimarymainfeatures/3CCCCFBE275F7C48CA25810C001B84E8?opendocument},
  date         = {2017-01-25},
  note         = {cat. no. 6401.0},
  title        = {Consumer Price Index, Australia, Dec 2016},
}

@Article{osborn2016new,
  author       = {Osborn, Robin and Squires, David and Doty, Michelle M and Sarnak, Dana O and Schneider, Eric C},
  date         = {2016},
  journal      = {Health Affairs},
  pages        = {10--1377},
  title        = {In New Survey Of Eleven Countries, US Adults Still Struggle With Access To And Affordability Of Health Care},
}

@TechReport{RACGP2015,
  author       = {RACGP},
  institution  = {Royal Australian College of General Practitioners},
  url          = {http://www.racgp.org.au/yourracgp/news/reports/20150814chronic/},
  date         = {2015},
  title        = {RACGP Submission to the Standing Committee on Health Inquiry into chronic disease prevention and management in primary healthcare},
}

@Article{tsiachristas2013exploring,
  author       = {Tsiachristas, Apostolos and Dikkers, Carolien and Boland, Melinde RS and Rutten-van Mölken, Maureen PMH},
  date         = {2013},
  journal      = {Health Policy},
  number       = {3},
  pages        = {296--304},
  title        = {Exploring payment schemes used to promote integrated chronic care in Europe},
  volume       = {113},
}

@Misc{OECD2016healthpay,
  author       = {OECD},
  url          = {http://www.oecd.org/publications/better-ways-to-pay-for-health-care-9789264258211-en.htm},
  date         = {2016},
  title        = {Better Ways to Pay for Health Care},
}

@Article{scott2016financial,
  author       = {Scott, Anthony and Liu, Miao and Yong, Jongsay},
  date         = {2016},
  journal      = {Medical Care Research and Review},
  pages        = {1077558716676594},
  title        = {Financial incentives to encourage value-based health care},
}

@Book{oliver2013primary,
  author       = {Oliver-Baxter, Jodie and Brown, Lynsey},
  publisher    = {Primary Health Care Research \& Information Service},
  date         = {2013},
  title        = {Primary Health Care Funding Models},
}

@TechReport{Duckett-Breadon-2014,
  author       = {Duckett, Stephen and Breadon, Peter},
  institution  = {Grattan Institute},
  url          = {https://grattan.edu.au/news/new-out-of-pocket-costs-will-hit-people-with-empty-pockets/},
  date         = {2014},
  title        = {Out-of-pocket costs: hitting the most vulnerable hardest, Grattan Institute submission to the Senate Standing Committee on Community Affairs Inquiry into the out-of-pocket costs in Australian healthcare},
}

@TechReport{Gordon2016,
  author       = {Gordon, Julie and Miller, Graeme and Britt, Helena},
  institution  = {Deeble Institute},
  url          = {http://ahha.asn.au/publication/issue-briefs/deeble-institute-issues-brief-no-18-reality-check-reliable-national-data},
  date         = {2016},
  title        = {Reality check - reliable national data from general practice electronic health records},
}

@InProceedings{NPS2008,
  author       = {{National Prescribing Service}},
  publisher    = {National Prescribing Service},
  url          = {http://www.nps.org.au/__data/assets/pdf_file/0004/64543/NPS_Stakeholder_Forum_Report.pdf},
  booktitle    = {Report on proceedings, National Prescribing Service Stakeholder Forum},
  date         = {2008-06-19},
  title        = {General practice clinical data and quality prescribing: Islands of information in an ocean of opportunity},
}

@Misc{NHS2016,
  author       = {{NHS Employers}},
  url          = {http://www.nhsemployers.org/~/media/Employers/Documents/Primary%20care%20contracts/QOF/2016-17/2016-17%20QOF%20guidance%20documents.pdf},
  date         = {2016},
  title        = {2016/17 General Medical Services (GMS) contract Quality and Outcomes Framework (QOF)},
}

@Article{greene2015large,
  author       = {Greene, Jessica and Hibbard, Judith H and Overton, Valerie},
  date         = {2015},
  journal      = {Health Affairs},
  number       = {4},
  pages        = {673--680},
  title        = {Large performance incentives had the greatest impact on providers whose quality metrics were lowest at baseline},
  volume       = {34},
}

@TechReport{lords2017,
  author       = {{Select Committee on the Long-term Sustainability of the NHS (UK)}},
  institution  = {House of Lords},
  url          = {https://www.parliament.uk/business/committees/committees-a-z/lords-select/nhs-sustainability-committee/news-parliament-2015/nhs-sustainability-under-threat/},
  date         = {2017},
  title        = {The Long-term Sustainability of the NHS and Adult Social Care},
}

@Article{carlin2016system,
  author       = {Carlin, Caroline S and Flottemesch, Thomas J and Solberg, Leif I and Werner, Ann M},
  date         = {2016},
  journal      = {The Journal of the American Board of Family Medicine},
  number       = {4},
  pages        = {482--495},
  title        = {System Transformation in Patient-Centered Medical Home (PCMH): Variable Impact on Chronically Ill Patients' Utilization},
  volume       = {29},
}

@Article{afendulis2017early,
  author       = {Afendulis, Christopher C and Hatfield, Laura A and Landon, Bruce E and Gruber, Jonathan and Landrum, Mary Beth and Mechanic, Robert E and Zinner, Darren E and Chernew, Michael E},
  date         = {2017},
  journal      = {Health Affairs},
  number       = {3},
  pages        = {468--475},
  title        = {Early Impact Of CareFirst’s Patient-Centered Medical Home With Strong Financial Incentives},
  volume       = {36},
}

@Article{sinaiko2017synthesis,
  author       = {Sinaiko, Anna D and Landrum, Mary Beth and Meyers, David J and Alidina, Shehnaz and Maeng, Daniel D and Friedberg, Mark W and Kern, Lisa M and Edwards, Alison M and Flieger, Signe Peterson and Houck, Patricia R and others},
  date         = {2017},
  journal      = {Health Affairs},
  number       = {3},
  pages        = {500--508},
  title        = {Synthesis Of Research On Patient-Centered Medical Homes Brings Systematic Differences Into Relief},
  volume       = {36},
}

@Article{smith2017impact,
  author       = {Smith, Kevin W and Bir, Anupa and Freeman, Nikki LB and Koethe, Benjamin C and Cohen, Julia and Day, Timothy J},
  date         = {2017},
  journal      = {Health Affairs},
  number       = {3},
  pages        = {509--515},
  title        = {Impact Of Health Care Delivery System Innovations On Total Cost Of Care},
  volume       = {36},
}

@Misc{DOH2017HCH,
  author       = {{Department of Health (Cth)}},
  url          = {http://www.health.gov.au/internet/main/publishing.nsf/Content/health-care-homes},
  date         = {2017},
  title        = {Health Care Homes: Reform of the Primary Health Care System},
}

@Misc{ley2016,
  author       = {Ley, Sussan},
  url          = {http://www.health.gov.au/internet/ministers/publishing.nsf/Content/B54E87C87AA06842CA257F8700210C62/$File/SL024.pdf},
  date         = {2016},
  note         = {Media Release, 31 March},
  title        = {Health Care Homes to keep chronically-ill out-of-hospital},
}

@Misc{DOH2017HCH1,
  author       = {{Department of Health (Cth)}},
  url          = {http://www.health.gov.au/internet/main/publishing.nsf/Content/health-care-homes-professional},
  date         = {2017},
  title        = {Health Care Homes: for health professionals},
}

@TechReport{RACGP2016,
  author       = {RACGP},
  institution  = {Royal Australian College of General Practitioners},
  url          = {http://www.racgp.org.au/yourracgp/news/media-releases/government-fails-to-deliver-on-health-care-homes-(1)/},
  date         = {2016},
  title        = {Government fails to deliver on Health Care Homes},
}

@TechReport{Duckett2016sugar,
  author       = {Duckett, Stephen and Swerissen, Hal and Wiltshire, Trent},
  institution  = {Grattan Institute},
  url          = {https://grattan.edu.au/report/a-sugary-drinks-tax-recovering-the-community-costs/},
  date         = {2016-11-22},
  number       = {Report No. 2016-15},
  title        = {A sugary drinks tax: recovering the community costs of obesity},
}

@Article{gibson2013systematic,
  author       = {Gibson, Odette R and Segal, Leonie and McDermott, Robyn A},
  date         = {2013},
  journal      = {BMC health services research},
  number       = {1},
  pages        = {336},
  title        = {A systematic review of evidence on the association between hospitalisation for chronic disease related ambulatory care sensitive conditions and primary health care resourcing},
  volume       = {13},
}

@TechReport{Duckett-2016-Perils-of-place,
  author       = {Duckett, Stephen and Griffiths, Kate},
  institution  = {Grattan Institute},
  url          = {https://grattan.edu.au/report/perils-of-place-identifying-hotspots-of-health-inequality/},
  date         = {2016-07-24},
  number       = {Report No. 2016-10},
  shorttitle   = {Perils of place},
  title        = {Perils of place: identifying hotspots of health inequality},
}

@Article{van2016impact,
  author       = {Van Loenen, Tessa and Faber, Marjan J and Westert, Gert P and Van den Berg, Michael J},
  date         = {2016},
  journal      = {Scandinavian journal of primary health care},
  number       = {1},
  pages        = {5--12},
  title        = {The impact of primary care organization on avoidable hospital admissions for diabetes in 23 countries},
  volume       = {34},
}

@Article{bodenheimer2002improving,
  author       = {Bodenheimer, Thomas and Wagner, Edward H and Grumbach, Kevin},
  date         = {2002},
  journal      = {Jama},
  number       = {14},
  pages        = {1775--1779},
  title        = {Improving primary care for patients with chronic illness},
  volume       = {288},
}

@Article{bodenheimer2002improving2,
  author       = {Bodenheimer, Thomas and Wagner, Edward H and Grumbach, Kevin},
  date         = {2002},
  journal      = {Jama},
  number       = {15},
  pages        = {1909--1914},
  title        = {Improving primary care for patients with chronic illness: the chronic care model, Part 2},
  volume       = {288},
}

@Article{wagner2002survey,
  author       = {Wagner, Edward H and Davis, Connie and Schaefer, Judith and Von Korff, Michael and Austin, Brian},
  date         = {2002},
  journal      = {Journal of Nursing Care Quality},
  number       = {2},
  pages        = {67--80},
  title        = {A survey of leading chronic disease management programs: are they consistent with the literature?},
  volume       = {16},
}

@Article{rothman2003chronic,
  author       = {Rothman, Arlyss Anderson and Wagner, Edward H},
  date         = {2003},
  journal      = {Annals of Internal Medicine},
  number       = {3},
  pages        = {256--261},
  title        = {Chronic illness management: what is the role of primary care?},
  volume       = {138},
}

@Misc{CEHSEU2009,
  author       = {{Clinical Epidemiology and Health Service Evaluation Unit}},
  url          = {https://www.safetyandquality.gov.au/publications/potentially-preventable-hospitalisations-a-review-of-the-literature-and-australian-policies-final-report/},
  date         = {2009},
  title        = {Potentially preventable hospitalisations: a review of the literature and Australian policies},
}

@TechReport{purdy2010,
  author       = {Purdy, Sarah},
  institution  = {The King's Fund},
  url          = {https://www.kingsfund.org.uk/sites/files/kf/Avoiding-Hospital-Admissions-Sarah-Purdy-December2010.pdf},
  date         = {2010},
  title        = {Avoiding hospital admissions: What does the research evidence say?},
}

@TechReport{katterl2012,
  author       = {Katterl, Rachel and Anikeeva, Olga and Butler, Caryn and Brown, Lynsey and Smith, Bradley and Bywood, Petra},
  institution  = {Primary Health Care Research \& Information Service},
  url          = {http://www.phcris.org.au/resources/item.php?id=8388&spindex=14&src=redirect},
  date         = {2012},
  title        = {Potentially avoidable hospitalisations in Australia: Causes for hospitalisations and primary health care interventions. PHCRIS Policy Issue Review},
}

@TechReport{mckinsey2015,
  author       = {Dorling, Grail and Fountaine, Tim and McKenna, Sorcha and Suresh, Brindan},
  institution  = {McKinsey \& Company},
  url          = {http://www.mckinsey.com/industries/healthcare-systems-and-services/our-insights/the-evidence-for-integrated-care},
  date         = {2015},
  title        = {The evidence for integrated care},
}

@TechReport{erny2016,
  author       = {Erny-Albrecht, Katrina and Oliver-Baxter, Jodie and Bywood, Petra},
  institution  = {Primary Health Care Research \& Information Service},
  url          = {http://www.phcris.org.au/publications/policyreviews/issues/pahs.php},
  date         = {2016},
  title        = {Primary health care-based programmes targeting potentially avoidable hospitalisations in vulnerable groups with chronic disease. PHCRIS Policy Issue Review},
}

@Article{gonccalves2016discharge,
  author       = {Gonçalves-Bradley, Daniela C and Lannin, Natasha A and Clemson, Lindy M and Cameron, Ian D and Shepperd, Sasha},
  date         = {2016},
  journal      = {The Cochrane Library},
  title        = {Discharge planning from hospital},
}

@Article{caughey2017understanding,
  author       = {Caughey, Gillian E and Pratt, Nicole L and Barratt, John D and Shakib, Sepehr and Kemp-Casey, Anna R and Roughead, Elizabeth E},
  date         = {2017},
  journal      = {Med J Aust},
  number       = {4},
  pages        = {170--175},
  title        = {Understanding 30-day re-admission after hospitalisation of older patients for diabetes: identifying those at greatest risk},
  volume       = {206},
}

@TechReport{nuffield2017,
  author       = {Imison, C and Curry, N and Holder, H and Castle-Clarke, S and Nimmons, D and Appleby, J and Thorlby, R and Lombardo, S},
  institution  = {Nuffield Trust},
  url          = {https://www.nuffieldtrust.org.uk/research/shifting-the-balance-of-care-great-expectations},
  date         = {2017},
  title        = {Shifting the balance of care: Great expectations},
}

@Article{schluter2016impact,
  author       = {Schluter, Philip J and Hamilton, Greg J and Deely, Joanne M and Ardagh, Michael W},
  date         = {2016},
  journal      = {BMJ open},
  number       = {5},
  pages        = {e010709},
  title        = {Impact of integrated health system changes, accelerated due to an earthquake, on emergency department attendances and acute admissions: a Bayesian change-point analysis},
  volume       = {6},
}

@Article{mcgeoch2015healthpathways,
  author       = {McGeoch, Graham and McGeoch, Peter and Shand, Brett},
  date         = {2015},
  journal      = {NZ Med J},
  number       = {1408},
  pages        = {2010--2019},
  title        = {Is HealthPathways effective? An online survey of hospital clinicians, general practitioners and practice nurses},
  volume       = {128},
}

@TechReport{timmins2013,
  author       = {Timmins, Nicholas and Ham, Chris},
  institution  = {The King's Fund},
  url          = {https://www.kingsfund.org.uk/publications/quest-integrated-health-and-social-care},
  date         = {2013},
  title        = {The quest for integrated health and social care: A case study in Canterbury, New Zealand},
}

@TechReport{GPconsult1992,
  author       = {{General Practice Consultative Committee}},
  institution  = {Australian Medical Association, Department of Health, Housing and Community Services, and the Royal Australian College of General Practitioners},
  date         = {1992},
  title        = {The future of general practice: a strategy for the nineties and beyond},
}

@Article{coote2009general,
  author       = {Coote, William},
  date         = {2009},
  journal      = {Medical Journal of Australia},
  number       = {2},
  pages        = {58--61},
  title        = {General practice reforms, 1989--2009},
  volume       = {191},
}

@Misc{liaw2015,
  author       = {Liaw, Siaw-Teng and Boyle, Douglas and Pearce, Christopher and Britt, Helena},
  url          = {http://www.phcris.org.au/resources/item.php?id=8296&spindex=3},
  date         = {2015},
  note         = {2015 Primary Health Care Research Conference: Program \& Abstracts},
  title        = {Big data in primary care: how should it be governed?},
}

@Misc{DOHS2017,
  author       = {{Department of Human Services (Cth)}},
  url          = {https://www.humanservices.gov.au/health-professionals/enablers/calculating-swpe-value},
  date         = {2017},
  title        = {Calculating the SWPE value},
}

@Misc{BEACH,
  author       = {{Family Medicine Research Centre}},
  url          = {http://sydney.edu.au/medicine/fmrc/beach/},
  date         = {2016-04-27},
  title        = {Bettering the Evaluation and Care of Health (BEACH)},
}

@Article{RN5722,
  author       = {McDonald, Ruth and White, Joseph and Marmor, Theodore R.},
  date         = {2009},
  journal      = {Journal of Health Politics Policy and Law},
  number       = {5},
  pages        = {747--776},
  title        = {Paying for Performance in Primary Medical Care: Learning about and Learning from "Success" and "Failure" in England and California},
  volume       = {34},
}

@Article{RN10508,
  author       = {Doran, Tim and Kontopantelis, Evangelos and Reeves, David and Sutton, Matthew and Ryan, Andrew M},
  date         = {2014},
  journal      = {BMJ : British Medical Journal},
  title        = {Setting performance targets in pay for performance programmes: what can we learn from QOF?},
  volume       = {348},
}

@Article{RN10507,
  author       = {Ashworth, Mark and Gulliford, Martin},
  date         = {2017},
  journal      = {British Journal of General Practice},
  number       = {654},
  pages        = {4--5},
  title        = {Funding for general practice in the next decade: life after QOF},
  volume       = {67},
}

@Article{RN10509,
  author       = {Young, Richard A. and Roberts, Richard G. and Holden, Richard J.},
  date         = {2017},
  journal      = {The Annals of Family Medicine},
  number       = {2},
  pages        = {175--182},
  title        = {The Challenges of Measuring, Improving, and Reporting Quality in Primary Care},
  volume       = {15},
}

@Article{pimperl2017,
  author       = {Pimperl, A. F. and Rodriguez, H. P. and Schmittdiel, J. A. and Shortell, S. M.},
  date         = {2017},
  journal      = {Medical Care Research and Review},
  pubstate     = {inpress},
  title        = {The Implementation of Performance Management Systems in U.S. Physician Organizations},
}

@InCollection{duckettswerissen2007,
  author       = {Duckett, Stephen and Swerissen, Hal},
  editor       = {Barraclough, S. and Gardner, H.},
  publisher    = {Elsevier},
  booktitle    = {Analysing Australian health policy: A problem orientated approach},
  date         = {2007},
  title        = {Federalism and health: negotiating the problems of "fiscal squabbles", "waiting" and "waste"},
}

@Article{RN10498,
  author       = {Schattner, Peter and Saunders, Mary and Stanger, Leslie and Speak, Michele and Russo, Kate},
  date         = {2010},
  journal      = {Journal of Innovation in Health Informatics},
  pages        = {205--212},
  title        = {Clinical data extraction and feedback in general practice: a case study from Australian primary care},
  volume       = {18},
}

@Article{RN10497,
  author       = {Knight, Andrew W and Caesar, Claire and Ford, Dale and Coughlin, Alison and Frick, Colin},
  date         = {2012},
  journal      = {BMJ Quality \& Safety},
  title        = {Improving primary care in Australia through the Australian Primary Care Collaboratives Program: a quality improvement report},
}

@Article{RN10504,
  author       = {Li, Linda C. and Grimshaw, Jeremy M. and Nielsen, Camilla and Judd, Maria and Coyte, Peter C. and Graham, Ian D.},
  date         = {2009},
  journal      = {Implementation Science},
  number       = {27},
  title        = {Use of communities of practice in business and health care sectors: A systematic review},
  volume       = {4},
}

@Article{RN10505,
  author       = {Ranmuthugala, Geetha and Plumb, Jennifer J. and Cunningham, Frances C. and Georgiou, Andrew and Westbrook, Johanna I. and Braithwaite, Jeffrey},
  date         = {2011},
  journal      = {BMC Health Services Research},
  number       = {273},
  title        = {How and why are communities of practice established in the healthcare sector? A systematic review of the literature},
  volume       = {11},
}

@Article{RN10506,
  author       = {Ranmuthugala, Geetha and Cunningham, Frances C. and Plumb, Jennifer J. and Long, Janet and Georgiou, Andrew and Westbrook, Johanna I. and Braithwaite, Jeffrey},
  date         = {2011},
  journal      = {Implementation Science},
  number       = {49},
  title        = {A realist evaluation of the role of communities of practice in changing healthcare practice},
  volume       = {6},
}

@Article{RN10500,
  author       = {Baum, Fran E. and Bégin, Monique and Houweling, Tanja A. J. and Taylor, Sebastian},
  date         = {2009},
  journal      = {American Journal of Public Health},
  number       = {11},
  pages        = {1967--1974},
  title        = {Changes Not for the Fainthearted: Reorienting Health Care Systems Toward Health Equity Through Action on the Social Determinants of Health},
  volume       = {99},
}

@TechReport{mcgowan2013,
  author       = {McGowan, Chris and Gregory, Anna and Atkinson, Lauren},
  institution  = {Silver Chain},
  url          = {https://web.archive.org/web/20150323132721/http://silverchain.org.au/assets/GROUP/publications/Non-hospital-based-health-services-in-SA.pdf},
  date         = {2013},
  title        = {Non-hospital based health services in South Australia},
}

@Article{hamar2015long,
  author       = {Hamar, G Brent and Rula, Elizabeth Y and Coberley, Carter and Pope, James E and Larkin, Shaun},
  date         = {2015},
  journal      = {BMC health services research},
  number       = {1},
  pages        = {174},
  title        = {Long-term impact of a chronic disease management program on hospital utilization and cost in an Australian population with heart disease or diabetes},
  volume       = {15},
}

@TechReport{mcnab2013,
  author       = {McNab, Justin and Mallitt, Kylie-Ann and Gillespie, James},
  institution  = {Menzies Centre for Health Policy},
  url          = {http://sydney.edu.au/medicine/public-health/menzies-health-policy/research/homd.php},
  date         = {2013},
  title        = {Report of the Evaluation of HealthOne Mount Druitt},
}

@Article{gordon2012-chronic-care-for-Aboriginal-people-in-NSW,
  author       = {Gordon, Raylene and Richards, Natalie},
  date         = {2012},
  journal      = {NSW Public Health Bulletin},
  number       = {3-4},
  pages        = {77--80},
  title        = {The Chronic Care for Aboriginal People program in NSW},
  volume       = {23},
}

@TechReport{schofield2005,
  author       = {Schofield, WN and Sindhusake, D and Lai, YY and Guo, Y and Campbell, D and Rubin, GE},
  institution  = {Centre for Health Services Research at Westmead, Sydney West Area Health Service and University of Sydney School of Public Health},
  url          = {http://pandora.nla.gov.au/pan/85742/20080617-0920/www.health.nsw.gov.au/pubs/2005/pdf/chronic_care_v2.pdf},
  date         = {2005},
  title        = {Evaluation: NSW Chronic Care Collaborative, February – November 2004},
}

@Misc{DOHNSW2008,
  author       = {{Department of Health (NSW)}},
  url          = {http://www.audit.nsw.gov.au/ArticleDocuments/140/182_Delivering_Health_Care.pdf.aspx?Embed=Y},
  date         = {2008},
  title        = {Auditor General Report: Delivering health care out of hospital},
}

@Misc{DOHSVIC2006,
  author       = {{Department of Human Services (VIC)}},
  url          = {https://web.archive.org/web/20120329112050/http://www.health.vic.gov.au/harp/downloads/improvingcare.pdf},
  date         = {2006},
  title        = {Improving care: Hospital Admission Risk Program},
}

@Article{zhang2015impact,
  author       = {Zhang, J and Donald, M and Baxter, KA and Ware, RS and Burridge, L and Russell, AW and Jackson, CL},
  date         = {2015},
  journal      = {Diabetic Medicine},
  number       = {7},
  pages        = {872--880},
  title        = {Impact of an integrated model of care on potentially preventable hospitalizations for people with Type 2 diabetes mellitus},
  volume       = {32},
}

@Article{reeve2015strengthening,
  author       = {Reeve, Carole and Humphreys, John and Wakerman, John and Carter, Maureen and Carroll, Vicki and Reeve, David},
  date         = {2015},
  journal      = {Med J Aust},
  number       = {9},
  pages        = {483--487},
  title        = {Strengthening primary health care: achieving health gains in a remote region of Australia},
  volume       = {202},
}

@Misc{conway2012,
  author       = {Conway, Jane and Higgins, Isabel},
  url          = {https://www.aci.health.nsw.gov.au/__data/assets/pdf_file/0007/274147/ace-final-report-jhh.pdf},
  date         = {2012},
  title        = {The implementation of a nurse led model of care for older people in the emergency department at John Hunter Hospital},
}

@Article{howard2008implementation,
  author       = {Howard, R and Sanders, R and Lydall-Smith, SM},
  date         = {2008},
  journal      = {Chronic respiratory disease},
  number       = {3},
  pages        = {133--141},
  title        = {The implementation of Restoring Health--a chronic disease model of care to decrease acute health care utilization},
  volume       = {5},
}

@Article{hui2003simple,
  author       = {Hui, Kok P and Hewitt, Alison B},
  date         = {2003},
  journal      = {CHEST Journal},
  number       = {1},
  pages        = {94--97},
  title        = {A simple pulmonary rehabilitation program improves health outcomes and reduces hospital utilization in patients with COPD},
  volume       = {124},
}

