@misc{abs2015_SNA,
  author      = {{ABS}},
  title       = {Australian System of National Accounts: Concepts, Sources and Methods},
  year        = {2015},
  note        = {cat. no. 5216.0. Accessed 11 November 2016. Australian Bureau of Statistics},
  url         = {http://www.abs.gov.au/ausstats/abs@.nsf/mf/5216.0},
}


@misc{abs2016_demographics,
  author      = {{ABS}},
  title       = {Australian Demographic Statistics, Mar 2016},
  year        = {2016},
  note        = {cat. no. 3101.0. Accessed 11 November 2016. Australian Bureau of Statistics},
  url         = {http://www.abs.gov.au/ausstats/abs@.nsf/mf/3101.0},
}

@misc{abs2016_financeandwealth,
  author      = {{ABS}},
  title       = {Australian National Accounts: Finance and Wealth, Sep 2016},
  year        = {2016},
  note        = {cat. no. 5232.0. Accessed 23 December 2016. Australian Bureau of Statistics},
  url         = {http://www.abs.gov.au/ausstats/abs@.nsf/mf/5232.0},
}

@misc{abs2016_qtrlyNA,
  author      = {{ABS}},
  title       = {Australian National Accounts: National Income, Expenditure and Product, Sep 2016},
  year        = {2016},
  note        = {cat. no. 5206.0. Accessed 12 February 2017. Australian Bureau of Statistics},
  url         = {http://www.abs.gov.au/ausstats/abs@.nsf/mf/5206.0},
}

@misc{abs2016_NA,
  author      = {{ABS}},
  title       = {Australian System of National Accounts, 2015-16},
  year        = {2016},
  note        = {cat. no. 5204.0. Accessed 11 November 2016. Australian Bureau of Statistics},
  url         = {http://www.abs.gov.au/ausstats/abs@.nsf/mf/5204.0},
}

@misc{abs2016_states,
  author      = {{ABS}},
  title       = {Australian System of National Accounts: State Accounts, 2015-16},
  year        = {2016},
  note        = {cat. no. 5220.0. Accessed 19 January 2017. Australian Bureau of Statistics},
  url         = {http://www.abs.gov.au/ausstats/abs@.nsf/mf/5220.0},
}

@misc{abs2016_balanceofpayments,
  author      = {{ABS}},
  title       = {Balance of Payments and International Investment Position, Australia, Sep 2016},
  year        = {2016},
  note        = {cat. no. 5302.0. Accessed 23 December 2016. Australian Bureau of Statistics},
  url         = {http://www.abs.gov.au/ausstats/abs@.nsf/mf/5302.0},
}

@misc{abs2016_states_estimates,
  author      = {{ABS}},
  title       = {Emphasising the State perspective: Experimental estimates of State capital stock , 2015-16},
  year        = {2016},
  note        = {cat. no. 5220.0.55.005. Accessed 19 January 2017. Australian Bureau of Statistics},
  url         = {http://www.abs.gov.au/ausstats/abs@.nsf/mf/5220.0.55.005},
}

@misc{abs2016_PG,
  author      = {{ABS}},
  title       = {Estimates of Industry Multifactor Productivity, 2015-16 },
  year        = {2016},
  note        = {cat. no. 5260.0. Accessed 10 February 2017. Australian Bureau of Statistics},
  url         = {http://www.abs.gov.au/ausstats/abs@.nsf/mf/5260.0.55.002},
}

@misc{abs2016_foreign,
  author      = {{ABS}},
  title       = {International Investment Position, Australia: Supplementary Statistics, 2015},
  year        = {2016},
  note        = {cat. no. 5352.0. Accessed 11 November 2016. Australian Bureau of Statistics},
  url         = {http://www.abs.gov.au/ausstats/abs@.nsf/mf/5352.0},
}

@misc{abs2017_lending,
  author      = {{ABS}},
  title       = {Lending Finance, Australia, December 2016},
  year        = {2017},
  note        = {cat. no. 5671.0. Accessed 14 February 2017. Australian Bureau of Statistics},
  url         = {http://www.abs.gov.au/ausstats/abs@.nsf/mf/5671.0},
}

@misc{acara2014,
  author      = {ACARA},
  title       = {Deidentified student-level NAPLAN data, 2014 results linked to 2012},
  year        = {2014},
  note        = {Australian Curriculum Assessment and Reporting Authority, Sydney},
}

@misc{acara2015a,
  author      = {ACARA},
  title       = {National Assessment Program -- Literacy and Numeracy 2014: Technical Report},
  year        = {2015},
  note        = {Australian Curriculum Assessment and Reporting Authority, Sydney},
  url         = {http://www.nap.edu.au/results-and-reports/national-reports.html},
}

@misc{accc2015,
  author      = {ACCC},
  title       = {Telecommunications competitive safeguards for 2013--14: changes in the prices paid for telecommunications services in Australia 2013--14},
  year        = {2015},
  note        = {Australian Competition \& Consumer Commission},
  url         = {http://www.accc.gov.au/system/files/906_ACCC\%20Telecommunications\%20reports\%202013\%E2\%80\%9314_web_2-June-2015.pdf},
}

@misc{ANZ_nonmining,
  author      = {{ANZ Research}},
  title       = {Australia Insight, 8 November 2016},
  year        = {2016},
  note        = {Issued 8 November 2016.},
}

@misc{ANZ_capacity-utilisation,
  author      = {{ANZ Research}},
  title       = {Quick Reaction: Australian businesses conditions lose some momentum},
  year        = {2016},
  note        = {Issued 8 November 2016.},
}

@misc{apra2016,
  author      = {APRA},
  title       = {Monthly Banking Statistics back series},
  year        = {2016},
  note        = {Issued 29 July 2016. Australian Prudential Regulation Authority},
  url         = {http://www.apra.gov.au/adi/publications/pages/monthly-banking-statistics.aspx},
}

@misc{abiad2014,
  author      = {Abiad, Abdul and Furceri, Davide and Topalova, Petia},
  title       = {Now Is a Good Time to Invest in Infrastructure},
  year        = {2014},
  url         = {https://blog-imfdirect.imf.org/2014/09/30/now-is-a-good-time-to-invest-in-infrastructure/},
}

@misc{oecd2012_intangibles,
  author      = {Andrews, D. and {de Serres}, A.},
  title       = {Intangible Assets, Resource Allocation and Growth: A Framework for Analysis},
  year        = {2012},
  note        = {OECD Economics Department Working Papers, No. 989},
  url         = {http://dx.doi.org/10.1787/5k92s63w14wb-en},
}

@article{arnoldetal2011taxpolicygrowth,
  author      = {Arnold, J. M. and Brys, B. and Heady, C. and Johansson, A. and Schwellnus, C. and Varia, L.},
  title       = {Tax policy for economic recovery and growth},
  year        = {2011},
  number      = {550},
  pages       = {F59--F80},
  journal     = {The Economic Journal},
  volume      = {121},
  url         = {http://onlinelibrary.wiley.com/doi/10.1111/j.1468-0297.2010.02415.x/abstract},
}

@misc{auerbach2017dbcft,
  author      = {Alan Auerbach and Michael P. Devereux and Michael Keen and John Vella},
  title       = {Destination-based cash flow taxation},
  year        = {2017},
  note        = {Working paper series, 2017. Oxford University Centre for Business Taxation.},
  url         = {http://www.sbs.ox.ac.uk/faculty-research/tax/publications/working-papers-0},
  }

@misc{treasury2015acceldepn,
  author      = {Treasury},
  title       = {Regulation impact statement -- expanding accelerated depreciation for small businesses},
  year        = {2015},
  url         = {http://ris.dpmc.gov.au/2015/08/26/expanding-accelerated-depreciation-for-small-businesses/},
}

@misc{dfat2017foreigninvestment,
  author      = {{DFAT}},
  title       = {Australia and foreign investment; which countries invest in Australia?},
  year        = {2017},
  note        = {Department of Foreign Affairs and Trade},
  url         = {http://dfat.gov.au/trade/topics/investment/Pages/which-countries-invest-in-australia.aspx},
  }
  
@misc{treasury2017taxtreaties,
  author      = {{Treasury}},
  title       = {Australian tax treaties; income tax treaties},
  year        = {2017},
  url         = {http://www.treasury.gov.au/Policy-Topics/Taxation/Tax-Treaties/HTML/Income-Tax-Treaties},
}

@article{awano2010,
  author      = {Gaganan Awano and Mark Franklin and Jonathan Haskel and Zafeira Kastrinaki},
  journal     = {Economic \& Labour Market Review},
  title       = {Measuring investment in intangible assets in the UK: results from a new survey},
  year        = {2010},
  doi         = {10.1057/elmr.2010.98},
  number      = {7},
  pages       = {66--71},
  volume      = {4},
  url         = {http://link.springer.com/article/10.1057/elmr.2010.98},
}

@article{banjeree_investment,
  author      = {Banjeree, R. N. and Kearns, J. and Lombardi, M. J.},
  journal     = {Quarterly Review},
  title       = {(Why) Is investment weak?},
  year        = {2015},
  note        = {Bank for International Settlements (BIS)},
  pages       = {67--82},
  volume      = {March 2015},
  url         = {http://www.bis.org/publ/qtrpdf/r_qt1503g.pdf},
}

@misc{BIS_housingfinance,
  author      = {Cecchetti, Stephen G. and Kharroubi, Enisse},
  title       = {Why does financial sector growth crowd out real economic growth?},
  year        = {2014},
  note        = {Bank for International Settlements (BIS)},
  url         = {http://www.bis.org/publ/work490.pdf},
}


@misc{pc2009_intangibles,
  author      = {Barnes, P. and McClure, A.},
  title       = {Investments in Intangible Assets and Australiaâ€™s Productivity Growth},
  year        = {2009},
  note        = {{Productivity Commission}},
  url         = {http://www.pc.gov.au/research/supporting/intangible-investment/intangible-investment.pdf},
}

@misc{bergmann2016dividends,
  author      = {Bergmann, M.},
  title       = {The Rise in Dividend Payments},
  year        = {2016},
  note        = {Reserve Bank of Australia, Bulletin, March Quarter 2016},
  url         = {http://www.rba.gov.au/publications/bulletin/2016/mar/6.html},
}

@article{bloom2010management,
  author      = {Bloom, N. and Van Reenen, J.},
  journal     = {The Journal of Economic Perspectives},
  title       = {Why do management practices differ across firms and countries?},
  year        = {2010},
  number      = {1},
  pages       = {203--224},
  volume      = {24},
}

@misc{blundell-wignall2015,
  author      = {Blundell-Wignall, Adrian. and Roulet, Caroline},
  journal     = {OECD Journal: Financial Market Trends},
  title       = {Infrastructure versus other investments in the global economy and stagnation hypotheses: What do company data tell us?},
  year        = {2015},
  pages       = {7--45},
  volume      = {2014/2},
  url         = {http://dx.doi.org/10.1787/19952872},
}

@techreport{MishkinMoney2010,
  author      = {Jean Boivin and Michael T. Kiley and Frederic S. Mishkin},
  title       = {How Has the Monetary Transmission Mechanism Evolved Over Time?},
  year        = {2010},
  institution = {National Bureau of Economic Research},
  month       = {4},
  number      = {15879},
  type        = {Working Paper},
  url         = {http://www.nber.org/papers/w15879},
}

@misc{borland_8-16,
  author      = {Borland, J.},
  title       = {Labour force participation: An update},
  year        = {2016},
  note        = {Labour market snapshot \#30, August 2016},
  url         = {https://drive.google.com/file/d/0B_H1wGTm98W3WnMyNk9GT21BX1E/view},
}

@misc{BCA2013,
  author      = {{Business Council of Australia}},
  title       = {Improving Australia's Regulatory System},
  year        = {2013},
  url         = {http://www.bca.com.au/docs/84ee2ce8-3ada-44e3-b925-d5d131b7dca8/Improving_Australias_Regulatory_System_FINAL_22.11.2013.pdf},
}

@INCOLLECTION{RePEc:eee:macchp:1-12,
  author      = {Caballero, Ricardo},
  title       = {Aggregate investment},
  year        = {1999},
  booktitle   = {Handbook of Macroeconomics},
  chapter     = {12},
  edition     = {1},
  editor      = {Taylor, J. B. and Woodford, M.},
  pages       = {813-862},
  volume      = {1, Part B},
  publisher   = {Elsevier},
  url         = {http://EconPapers.repec.org/RePEc:eee:macchp:1-12},
}

@TECHREPORT{RePEc:fip:fedkrw:93-01,
  author      = {Chirinko, Bob},
  title       = {Business fixed investment spending: a critical survey of modeling strategies, empirical results, and policy implications},
  year        = {1993},
  institution = {Federal Reserve Bank of Kansas City},
  number      = {93-01},
  keywords    = {Capital investments},
  type        = {Research Working Paper},
  url         = {http://EconPapers.repec.org/RePEc:fip:fedkrw:93-01},
}

@article{RBA_privatebusiness_2007,
  author      = {Cockerell, Lynne. and Pennings, Steven},
  title       = {Private Business Investment in Australia},
  journal     = {Reserve Bank of Australia Research Discussion Paper},
  year        = {2007},
  volume      = {2007-09},
  url         = {http://www.rba.gov.au/publications/rdp/2007/pdf/rdp2007-09.pdf},
}


@book{cohen2016concrete,
  author      = {Stephen S. Cohen and J. Bradford DeLong},
  title       = {Concrete Economics: The Hamilton Approach to Economic Growth and Policy},
  year        = {2016},
  publisher   = {Harvard Business Review Press},
  url         = {https://books.google.com.au/books?id=BXoyBgAAQBAJ},
}


@misc{taxreview2008,
  author      = {{Commonwealth of Australia}},
  title       = {Architecture of Australia's tax and transfer system},
  year        = {2008},
  note        = {August 2008},
  url         = {http://taxreview.treasury.gov.au/content/Content.aspx?doc=html/pubs_reports.htm},
}

@misc{IGR2015,
  author      = {{Commonwealth of Australia}},
  title       = {2015 Intergenerational Report: Australia in 2055},
  year        = {2015},
  url         = {http://www.treasury.gov.au/PublicationsAndMedia/Publications/2015/2015-Intergenerational-Report},
}

@misc{budget201516paper2,
  author      = {{Commonwealth of Australia}},
  title       = {Budget Paper No. 2: Budget Measures},
  year        = {2015},
  note        = {Part 1: Revenue Measures},
  url         = {http://www.budget.gov.au/2015-16/content/bp2/html/bp2_revenue.htm},
}

@misc{budget201617budgetstrategy,
  author      = {{Commonwealth of Australia}},
  title       = {Budget 2016--17: Budget strategy and output, Budget Paper No. 1},
  date        = {2016-05-03},
  url         = {http://www.budget.gov.au/2016-17/content/bp1/html/bp1_prelims.htm},
}


@misc{budget201617paper2,
  author      = {Treasury},
  title       = {Budget Paper No. 2: Budget Measures},
  year        = {2016},
  note        = {Part 1: Revenue Measures},
  url         = {http://www.budget.gov.au/2016-17/content/bp2/html/bp2_revenue.htm},
}

@TechReport{pbo2016post-election,
  author      = {PBO},
  title       = {Post-election report of election commitments; 2016 general election},
  year        = {2016},
  institution = {Parliamentary Budget Office},
  url         = {http://www.aph.gov.au/About_Parliament/Parliamentary_Departments/Parliamentary_Budget_Office/General_elections/2016_post-election_report},
}
@article{CordenOEP1981,
  author      = {Corden, W M},
  title       = {The Exchange Rate, Monetary Policy and North Sea Oil: The Economic Theory of the Squeeze on Tradeables},
  year        = {1981},
  journal     = {Oxford Economic Papers},
  number      = {0},
  pages       = {23-46},
  volume      = {33},
  url         = {http://EconPapers.repec.org/RePEc:oup:oxecpp:v:33:y:1981:i:0:p:23-46},
}

@article{corrado2010,
  author      = {Corrado, C. A. and Hulten, C. R.},
  journal     = {American Economic Review: Papers and Proceedings 100},
  title       = {How Do You Measure a "Technological Revolution"?},
  year        = {2010},
  number      = {2},
  pages       = {99--104},
  volume      = {100},
}

@misc{daleycoates2016companytax,
  author      = {Daley, J. and Coates, B.},
  title       = {The full story on company tax cuts and your hip pocket},
  year        = {2016},
  note        = {Grattan Institute. Originally published in The Conversation, 18 May 2016},
  url         = {http://grattan.edu.au/wp-content/uploads/2016/05/The-full-story-on-company-tax-cuts-and-your-hip-pocket.pdf},
}
 
@Article{John-2016-AFR-Budget-2016-Both-parties-budget-plans-are-simply-hoping-for-the-best,
  author      = {John Daley and Brendan Coates},
  title       = {Budget 2016: Both parties' budget plans are simply hoping for the best},
  journal     = {Australian Financial Review},
  date        = {2016-06-28},
  url         = {http://www.afr.com/opinion/budget-2016-both-parties-budget-plans-are-simply-hoping-for-the-best-20160628-gptrfw},
}

@Article{Daley_third-best,
  author      = {Daley, John},
  title       = {Australia gets the third-best policy on infrastructure. Here's why},
  journal     = {The Guardian},
  date        = {2014-09-30},
  url         = {https://www.theguardian.com/commentisfree/2014/sep/30/australia-gets-the-third-best-policy-on-infrastructure-heres-why},
}

@techreport{daley2015supertax,
  author      = {John Daley and Brendan Coates and Danielle Wood and Hugh Parsonage},
  title       = {Super tax targeting},
  year        = {2015},
  institution = {Grattan Institute},
  url         = {https://grattan.edu.au/report/super-tax-targeting/},
}

@techreport{orange2016,
  author      = {John Daley and Stephen Duckett and Peter Goss and Jim Minifie and Andrew Norton and Marion Terrill and Tony Wood},
  title       = {Orange Book 2016: Priorities for the next Commonwealth Government},
  year        = {2016},
  institution = {Grattan Institute},
  url         = {https://grattan.edu.au/wp-content/uploads/2016/06/873-Orange-Book-2016.pdf},
}

@techreport{daley2015fiscal,
  author      = {John Daley and Danielle Wood},
  title       = {Fiscal challenges for Australia},
  year        = {2015},
  institution = {Grattan Institute},
  url         = {https://grattan.edu.au/report/fiscal-challenges-for-australia/},
}

@techreport{daley2016hotproperty,
  author      = {John Daley and Danielle Wood and Hugh Parsonage},
  title       = {Hot property: negative gearing and capital gains tax reform},
  year        = {2016},
  institution = {Grattan Institute},
  url         = {https://grattan.edu.au/report/hot-property/},
}

@TechReport{daleywood2015gst,
  author      = {John Daley and Danielle Wood and Hugh Parsonage and Brendan Coates},
  title       = {A GST reform package},
  date        = {2015-12-06},
  institution = {Grattan Institute},
  number      = {Report No. 2015-12},
  url         = {https://grattan.edu.au/report/a-gst-reform-package/},
}

@article{deaton1980almost,
  author      = {Deaton, A. and Muellbauer, J.},
  journal     = {The American economic review},
  title       = {An almost ideal demand system},
  year        = {1980},
  number      = {3},
  pages       = {312--326},
  publisher   = {JSTOR},
  volume      = {70},
}

@misc{deloitte2015taxreform,
  author      = {Deloitte},
  title       = {Shedding light on the debate: Mythbusting tax reform},
  year        = {2015},
  url         = {https://www2.deloitte.com/au/en/pages/tax/articles/tax-reform-debate-mythbusting-perspective.html},
}

@misc{dixonnassios2016companytax,
  author      = {Dixon, J. M. and Nassios, J.},
  title       = {Modelling the impacts of a cut to company tax in Australia},
  year        = {2016},
  note        = {Centre of Policy Studies Working Paper No. G-260, April 2016},
  url         = {http://www.copsmodels.com/ftp/workpapr/g-260.pdf},
}
 
@misc{dobbinsjacob2016corporatetaxcutsinvestments,
  author      = {Laura Dobbins and Martin Jacob},
  title       = {Do corporate tax cuts increase investments?},
  year        = {2016},
  note        = {Accounting and Business Research, Forthcoming },
  url         = {https://ssrn.com/abstract=2362258},
}
 
@misc{eggertsson2016,
  author      = {Eggertsson, G. B. and Mehrotra, N. R. and Singh, S. R. and Summers, L. H.},
  title       = {A Contagious Malady? Open Economy Dimensions of Secular Stagnation},
  year        = {2016},
  note        = {National Bureau of Economic Research},
}

@misc{eichfelderschneider2014taxincentives,
  author      = {Sebastian Eichfelder and Kerstin Schneider},
  title       = {Tax incentives and business investment: evidence from German Bonus Depreciation},
  year        = {2014},
  note        = {CESIFO Working Paper No. 4805},
  url         = {https://papers.ssrn.com/sol3/papers.cfm?abstract_id=2457846},
}

@article{RBA_cycles_2014,
  author      = {Elias, Stephen. and Evans, Craig},
  title       = {Cycles in Non-mining Business Investment},
  journal     = {Reserve Bank of Australia Bulletin},
  year        = {2014},
  pages       = {1--6},
  volume      = {December Quarter 2014},
  url         = {https://www.rba.gov.au/publications/bulletin/2014/dec/pdf/bu-1214-1.pdf},
}

@article{evens2015biggerbreaks,
  author      = {Chris Evans},
  title       = {Bigger breaks for smaller business will come at a cost},
  year        = {2015},
  journal     = {The Conversation},
  note        = {May 13 2015},
  url         = {http://theconversation.com/bigger-breaks-for-smaller-business-will-come-at-a-cost-41751},
}

@article{RBA_financing_2015,
  author      = {Fang, Ashley. and Kosev, Mitch. and Wakelin, David},
  title       = {Trends in Australian Corporate Financing},
  journal     = {Reserve Bank of Australia Bulletin},
  year        = {2015},
  pages       = {29--38},
  volume      = {December Quarter 2015},
  url         = {http://www.rba.gov.au/publications/bulletin/2015/dec/pdf/bu-1215-4.pdf},
}

@misc{fatas2016,
  author      = {FatÃ¡s, Antonio and Summers, Lawrence},
  title       = {Hysteresis and fiscal policy during the Global Crisis},
  year        = {2016},
  url         = {http://voxeu.org/article/hysteresis-and-fiscal-policy-during-global-crisis},
}

@misc{feenstra2015,
  author      = {Feenstra, R. C. and Inklaar, R. and Timmer, M. P.},
  title       = {The Next Generation of the Penn World Table},
  year        = {2015},
  note        = {Penn World Tables version 9.0},
  url         = {www.ggdc.net/pwt},
}

@article{feldheckemeyer2011fdi-taxation-meta-study,
  author      = {Lars P. Feld and Jost H. Heckemeyer},
  title       = {FDI and taxation: a meta-study},
  year        = {2011},
  journal     = {Journal of Economic Surveys},
  number      = {2},
  volume      = {25},
  url         = {http://onlinelibrary.wiley.com/doi/10.1111/j.1467-6419.2010.00674.x/abstract},
}

@misc{fournier2016,
  author      = {Fournier, Jean Marc.},
  title       = {Most countries have room to increase public investment},
  year        = {2016},
  note        = {OECD EcoScope},
  url         = {https://oecdecoscope.wordpress.com/2016/11/24/most-countries-have-room-to-increase-public-investment/},
}

@misc{fournier2016a,
  author      = {Fournier, Jean Marc.},
  title       = {The positive effect of public investment on potential growth},
  year        = {2016},
  note        = {OECD},
  url         = {http://www.oecd.org/eco/public-finance/The-positive-effect-of-public-investment-on-potential-growth.pdf},
}

@misc{fraser2016budgetestimates,
  author      = {Fraser, J.},
  title       = {Opening statement, Senate Economics Legislation Committee -- 2016-17 Budget Estimates},
  year        = {2016},
  note        = {6 May 2016},
  url         = {http://www.treasury.gov.au/PublicationsAndMedia/Newsroom/Speeches/2016/Opening-Statement},
}

@article{freebairn2016corporatetax,
  author      = {Freebairn, J.},
  title       = {Who benefits from a lower corporate income tax rate?},
  year        = {2016},
  journal     = {Austaxpolicy: Tax and Transfer Policy Blog},
  note        = {21 September 2016},
  url         = {http://www.austaxpolicy.com/benefits-lower-corporate-income-tax-rate/},
}

@article{freebairn2015smallbustaxconcessions,
  author      = {John Freebairn},
  title       = {Politically smart, economically stupid. Tax concessions for small business},
  journal     = {Exchange},
  year        = {2015},
  note        = {The University of Melbourne. Faculty of Business and Economics},
  volume      = {1},
}

@BOOK{GordonDurable90,
  author      = {Gordon, Robert J.},
  title       = {The Measurement of Durable Goods Prices},
  year        = {1990},
  publisher   = {National Bureau of Economic Research, Inc},
  url         = {http://EconPapers.repec.org/RePEc:nbr:nberbk:gord90-1},
}


@article{GordonAER2016,
  author      = {Gordon, Robert J.},
  title       = {Perspectives on The Rise and Fall of American Growth},
  year        = {2016},
  journal     = {American Economic Review},
  number      = {5},
  pages       = {72-76},
  volume      = {106},
}

@misc{goss2016,
  author      = {Goss, P. and Sonnemann, J. and Chisholm, C. and Nelson, L.},
  title       = {Widening gaps: what NAPLAN tells us about student progress},
  year        = {2016},
  note        = {Grattan Institute},
  url         = {http://www.grattan.edu.au/widening-gaps/},
}

@misc{BIS2012IndustrialStrategy,
  author      = {{Government of the United Kingdom}},
  title       = {Industrial Strategy: UK Sector Analysis},
  year        = {2012},
  note        = {Department for Business Innovation \& Skills. BIS Economics Paper No. 18},
  url         = {https://www.gov.uk/government/publications/industrial-strategy-uk-sector-analysis},
}

  @misc{gravelle2014bonusdepreciation,
  author      = {Jane G. Gravelle},
  title       = {Bonus depreciation: economic and budgetary issues},
  year        = {2014},
  note        = {Congressional Research Service},
  url         = {https://digital.library.unt.edu/ark:/67531/metadc284483/?q=%22Economic%20policy%22},
  }
  
@misc{gruen2012productivity,
  author      = {Gruen, D.},
  title       = {Productivity and Structural Change},
  year        = {2012},
  note        = {Speech to 41st Australian Conference of Economists, 10 July 2012},
  url         = {http://www.treasury.gov.au/PublicationsAndMedia/Newsroom/Speeches/2012/Productivity-and-structural-change#P98_19313},
}

@Article{RePEc:ecm:emetrp:v:50:y:1982:i:1:p:213-24,
  author      = {Hayashi, Fumio},
  title       = {{Tobin's Marginal q and Average q: A Neoclassical Interpretation}},
  journal     = {Econometrica},
  year        = {1982},
  month       = {January},
  number      = {1},
  pages       = {213-24},
  volume      = {50},
  url         = {https://ideas.repec.org/a/ecm/emetrp/v50y1982i1p213-24.html},
}


@article{Heathbloombergkent2016, 
  author      = {Heath, Michael},
  title       = {Australiaâ€™s central bank would mix stimulus tools in extreme scenario},
  year        = {2016},
  journal     = {Bloomberg News},
  note        = {15th July 2016},
  url         = {https://www.bloomberg.com/professional/blog/australias-central-bank-mix-stimulus-tools-extreme-scenario/},
}


@misc{houseshapiro2006bonusdepreciation,
  author      = {Christopher House and Matthew D. Shapiro},
  title       = {Temporary investment tax incentives: theory with evidence from bonus depreciation},
  year        = {2006},
  note        = {Working Paper 12514. National Bureau of Economic Research},
  url         = {http://www.nber.org/papers/w12514},
  }
  
@misc{hunter2005_intangibles,
  author      = {Hunter, L. C. and Webster, E. and Wyatt, A.},
  title       = {Measuring Intangible Investment},
  year        = {2005},
  note        = {Melbourne Institute Working Paper Series: Working Paper No. 15/05},
  url         = {https://www.melbourneinstitute.com/downloads/working_paper_series/wp2005n15.pdf},
}

@misc{ibisworld2016,
  author      = {IBISWorld},
  title       = {IBISWorld Australia ANZSIC Industry Reports},
  year        = {2016},
  note        = {Industry and company information sourced through database},
}

@misc{ibisworld2016companies,
  author      = {IBISWorld},
  title       = {IBISWorld Company Research Reports},
  year        = {2016},
  note        = {Industry and company information sourced through database},
}

@misc{IMF_WEO_2014,
  author      = {IMF},
  title       = {World Economic Outlook: Legacies, Clouds, Uncertainties},
  year        = {2014},
  note        = {International Monetary Fund},
  url         = {http://www.imf.org/external/pubs/ft/weo/2014/02/pdf/text.pdf},
}

@misc{IMFWEO2015,
  author      = {IMF},
  title       = {World Economic Outlook},
  year        = {2015},
  note        = {International Monetary Fund. April 2015},
  url         = {http://www.imf.org/external/pubs/ft/weo/2015/01/},
}

@misc{IMF_WEO_2015,
  author      = {IMF},
  title       = {World Economic Outlook: Uneven Growth: Short and Long Term Factors},
  year        = {2015},
  note        = {International Monetary Fund},
  url         = {http://www.imf.org/external/pubs/ft/weo/2015/01/pdf/text.pdf},
}

@misc{IMF_Aust-2016,
  author      = {IMF},
  title       = {Australia: IMF Staff Concluding Statement of the 2016 Article Mission},
  year        = {2016},
  note        = {November 15, 2016},
  url         = {http://www.imf.org/en/News/Articles/2016/11/15/MS111516-Australia-IMF-Staff-Concluding-Statement-of-the-2016-Article-IV-Mission},
}

@misc{IMF2016FiscalMonitor,
  author      = {IMF},
  title       = {Fiscal Monitor: acting now, acting together},
  year        = {2016},
  note        = {International Monetary Fund. April 2016},
  url         = {http://www.imf.org/external/pubs/ft/fm/2016/01/fmindex.htm},
}

@misc{IMF_Aust-2017,
  author      = {IMF},
  title       = {Australia: Staff Report for the 2016 Artile IV Consultation},
  year        = {2017},
  note        = {January 17, 2017},
  url         = {http://www.imf.org/en/Publications/CR/Issues/2017/02/09/Australia-2016-Article-IV-Consultation-Press-Release-Staff-Report-Staff-Statement-and-44632},
}
  
  @misc{IMF_Database,
  author      = {IMF},
  title       = {World Economic Outlook Database},
  year        = {2017},
  note        = {Accessed February 11, 2017},
  url         = {https://www.imf.org/external/pubs/ft/weo/2016/02/weodata/index.aspx},
}

@misc{irs2017dividends,
  author      = {IRS},
  title       = {Dividends and other distributions},
  year        = {2017},
  note        = {Internal Revenue Service},
  url         = {https://www.irs.gov/publications/p17/ch08.html},
}

@article{IlzetzkiJME2013,
  author      = {Ilzetzki, Ethan and Mendoza, Enrique G. and Vegh, Carlos A.},
  issn        = {03043932},
  journal     = {Journal of Monetary Economics},
  title       = {How Big (Small?) Are Fiscal Multipliers?},
  year        = {2013},
  number      = {2},
  pages       = {239 - 254},
  volume      = {60},
  url         = {https://search-ebscohost-com.ezp.lib.unimelb.edu.au/login.aspx?direct=true&db=ecn&AN=1362269&site=ehost-live},
}

@Misc{IndependentEconomics2016Companytax,
  author      = {{Independent Economics}},
  title       = {Company tax},
  year        = {2016},
  note        = {Accessed 11 November 2016},
  url         = {http://www.independenteconomics.com.au/Company.aspx},
}

@misc{IA_priority,
  author      = {{Infrastructure Australia}},
  title       = {Infrastructure Priority List},
  year        = {2016},
  note        = {Acessed 19 January 2017.},
  url         = {http://infrastructureaustralia.gov.au/projects/infrastructure-priority-list.aspx},
}

@misc{IA_projects,
  author      = {{Infrastructure Australia}},
  title       = {Project Assessment},
  year        = {2016},
  note        = {Accessed 19 January 2017.},
  url         = {http://infrastructureaustralia.gov.au/projects/project-assessments.aspx},
}

@article{IMF_OutputGap, 
  author      = {Jahan, Sarawat and Mahmud, Ahmed Saber},
  title       = {What is the Output Gap?},
  year        = {2013},
  note        = {September 2013},
  number      = {3},
  journal     = {Finance and Development},
  volume      = {50},
  url         = {http://www.imf.org/external/pubs/ft/fandd/2013/09/basics.htm},
}


@INCOLLECTION{JonesNewmacrohandbook,
  author      = {Jones, Charles},
  title       = {The Facts of Economic Growth},
  year        = {2016},
  booktitle   = {Handbook of Macroeconomics},
  chapter     = {1},
  edition     = {1},
  editor      = {Taylor, J. B. and Uhlig, H.},
  pages       = {3-70},
  publisher   = {North-Holland},
  volume      = {2, Part =A},
}

@article {jorgensen_1963,
  author      = {Dale Jorgenson},
  title       = {Capital Theory and Investment Behavior},
  journal     = {American Economic Review},
  year        = {1963},
  number      = {2},
  pages       = {247-259},
  volume      = {53},
  url         = {http://scholar.harvard.edu/jorgenson/publications/capital-theory-and-investment-behavior},
}

@misc{kpmg2016companytax,
  author      = {{KPMG Economics}},
  title       = {Modelling the macroeconomic impact of lowering the company tax rate in Australia},
  date        = {2016-05-02},
  url         = {https://www.treasury.gov.au/PublicationsAndMedia/Publications/2016/~/media/D898AE4BB7EE411E806E27C877D9A9C1.ashx},
}

@misc{Kent2014mining,
  author      = {Christopher Kent},
  title       = {Non-mining business investment: where to from here?},
  year        = {2014},
  note        = {16 September 2014},
  url         = {http://www.rba.gov.au/speeches/2014/sp-ag-160914.html},
}


@inproceedings{knittel2005small,
  author      = {Knittel, Matthew},
  title       = {Small business utilization of accelerated tax depreciation: Section 179 expensing and bonus depreciation},
  year        = {2005},
  booktitle   = {Proceedings. Annual Conference on Taxation and Minutes of the Annual Meeting of the National Tax Association},
  pages       = {273--286},
  volume      = {98},
}

@misc{treasury2016companytax,
  author      = {Kouparitsas, M. and Prihardini, D. and Beames, A.},
  title       = {Analysis of the long term effects of a company tax cut},
  year        = {2016},
  note        = {Treasury Working Paper. May 2016},
  url         = {http://www.treasury.gov.au/PublicationsAndMedia/Publications/2016/working-paper-2016-02},
}

@misc{KudrnaWoodland2010OLGAus,
  author      = {George Kudrna and Alan Woodland},
  title       = {Simulating Policy Change Using a Dynamic Overlapping Generations Model of the Australian Economy},
  year        = {2010},
  note        = {University of New South Wales, 1 April 2010},
  url         = {http://taxreview.treasury.gov.au/content/html/commissioned_work/downloads/Kudrna_and_Woodland.pdf},
}

@article{RBA_usercost_2005,
  author      = {La Cava, Gianni},
  title       = {Financial Constraints, The User Cost of Capital, and Corporate Investment in Australia},
  journal     = {Reserve Bank of Australia Research Discussion Paper},
  year        = {2005},
  volume      = {2005-12},
  url         = {http://www.rba.gov.au/publications/rdp/2005/pdf/rdp2005-12.pdf},
}

@misc{RBA_lending,
  author      = {RBA},
  title       = {Lending and Credit Aggregates - D2},
  year        = {2016},
  note        = {Accessed 14 February 2017},
  url         = {http://www.rba.gov.au/statistics/frequency/fin-agg/2016/},
}

@article{RBA_capacity-utilisation_2015,
  author      = {Lane, K. and Rosewall, T.},
  title       = {Firm-level Capacity Utilisation and the Implications for Investment, Labour and Prices},
  journal     = {Reserve Bank of Australia Bulletin},
  year        = {2015},
  pages       = {9--18},
  volume      = {December Quarter 2015},
  url         = {http://www.rba.gov.au/publications/bulletin/2015/dec/pdf/bu-1215-2.pdf},
}


@article{RBA_investinterest_2015,
  author      = {Lane, K. and Rosewall, T.},
  title       = {Firmsâ€™ Investment Decisions and Interest Rates},
  journal     = {Reserve Bank of Australia Bulletin},
  year        = {2015},
  pages       = {1--8},
  volume      = {June Quarter 2015},
  url         = {https://www.rba.gov.au/publications/bulletin/2015/jun/pdf/bu-0615-1.pdf},
}

@misc{RBAOpenStateSep2016,
  author      = {Philip Lowe},
  title       = {Opening Statement to the House of Representatives Standing Committee on Economics},
  year        = {2016},
  note        = {Sydney -- 22 September 2016},
  url         = {http://www.rba.gov.au/speeches/2016/sp-gov-2016-09-22.html},
}

@article{marks2015,
  author      = {Marks, G. N.},
  title       = {Are school-SES effects statistical artefacts? Evidence from longitudinal population data},
  year        = {2015},
  number      = {1},
  pages       = {122--144},
  journal     = {Oxford Review of Education},
  volume      = {41},
}

@article{mather2016uswinflawed,
  author      = {Joanna Mather},
  title       = {US win from company tax rate cut `flawed' claim},
  year        = {2016},
  journal     = {Australian Financial Review},
  note        = {17 May 2016},
  url         = {http://www.afr.com/news/policy/tax/us-win-from-company-tax-rate-cut-flawed-claim-20160517-goxaeu},
}


@book{mazzucato2013entrepreneurial,
  author      = {Marina Mazzucato},
  isbn        = {9780857282521},
  lccn        = {2013017536},
  title       = {The Entrepreneurial State: Debunking Public Vs. Private Sector Myths},
  year        = {2013},
  publisher   = {Anthem Press},
  series      = {Anthem frontiers of global political economy},
  url         = {https://books.google.com.au/books?id=QKd5cDPY\_i4C},
}


@article{McdonaldEconRoundup2011,
  author      = {McDonald, T. and Morling, S},
  title       = {The Australian Economy and the Global Downturn Part 1: Reasons for Resilience},
  year        = {2011},
  journal     = {Economic Roundup},
  pages       = {1-31},
  volume      = {2},
  url         = {http://www.treasury.gov.au/PublicationsAndMedia/Publications/2011/Economic-Roundup-Issue-2},
}

@article{mendoza2005taxcompetition,
  author      = {Mendoza, E. G. and Tesar, L. L.},
  title       = {Why hasn't tax competition triggered a race to the bottom? Some quantitative lessons from the EU},
  year        = {2005},
  pages       = {163--204},
  journal     = {Journal of Monetary Economics},
  volume      = {52},
}

@article{millerpope2015corporatetaxchanges,
  author      = {Helen Miller and Thomas Pope},
  title       = {Corporate tax changes under the UK Coalition government (2010--15)},
  year        = {2015},
  number      = {3},
  pages       = {327--347},
  journal     = {Fiscal Studies},
  volume      = {36},
  url         = {http://onlinelibrary.wiley.com/doi/10.1111/j.1475-5890.2015.12054/abstract},
}

@misc{MinifieMining2013,
  author      = {Minifie, J. and  Cherastidtham, I. and Mullerworth, D. and Savage, J},
  title       = {The Mining Boom: Impacts and Prospects},
  year        = {2013},
  note        = {Grattan Institute},
  url         = {https://grattan.edu.au/report/the-mining-boom-impacts-and-prospects/},
}

@misc{morningstar2016,
  author      = {Morningstar},
  title       = {Morningstar DatAnalysis Premium},
  year        = {2016},
  note        = {Industry and company information sourced through database},
}

@misc{murphy2016companytaxscenario,
  author      = {Murphy, C.},
  title       = {Company tax scenario},
  year        = {2016},
  note        = {28 April 2016. Independent Economics},
  url         = {http://www.treasury.gov.au/PublicationsAndMedia/Publications/2016/~/media/ACCEB9F5E157439AAE854A9702D1136C.ashx},
}

@misc{NAB_mining,
  author      = {{NAB Group Economics}},
  title       = {The Mining â€˜Cliffâ€™: How far have we come?},
  year        = {2016},
  note        = {National Australia Bank},
  url         = {http://business.nab.com.au/wp-content/uploads/2016/06/The-Mining-Cliff-How-far-have-we-come1.pdf},
}

@misc{OECD2007ReformCorporateTax,
  author      = {OECD},
  title       = {Fundamental Reform of Corporate Income Tax -- No. 16},
  year        = {2007},
  note        = {Organisation for Economic Co-operation and Development. OECD Tax Policy Studies},
  url         = {http://www.keepeek.com/Digital-Asset-Management/oecd/taxation/fundamental-reform-of-corporate-income-tax_9789264038127-en#.WC083fl96Uk},
}

@report{OECD2007TaxEffectsFDI,
  author      = {OECD},
  title       = {Tax Effects on Foreign Direct Investment: Recent Evidence and Policy Analysis},
  year        = {2008},
  address     = {Paris},
  note        = {Tax Policy Studies No. 17},
  publisher   = {Organisation for Economic Co-operation and Development Publishing},
  url         = {http://www.oecd.org/tax/tax-policy/taxpolicystudyno17taxeffectsonforeigndirectinvestmentrecentevidenceandpolicyanalysis.htm#how_to_obtain_this_publication},
}

@techreport{OECD-Aust-2014,
  author      = {OECD},
  title       = {Economic Survey of Australia 2014},
  year        = {2014},
  address     = {Paris},
  institution = {Organisation for Economic Co-operation and Development},
  url         = {http://www.oecd.org/australia/economic-survey-australia.htm},
}

@book{oecd2015,
  author      = {OECD},
  title       = {OECD Employment Outlook 2015},
  year        = {2015},
  address     = {Paris},
  publisher   = {OECD Publishing},
}

@misc{oecd2016GDP,
  author      = {{OECD}},
  title       = {Gross domestic product (GDP) (indicator)},
  year        = {2016},
  note        = {doi: 10.1787/dc2f7aec-en. Accessed on 18 October 2016. Organisation for Economic Co-operation and Development},
  url         = {https://data.oecd.org/gdp/gross-domestic-product-gdp.htm#indicator-chart},
}

@misc{oecd2016GFCF,
  author      = {{OECD}},
  title       = {Investment (GFCF) (indicator)},
  year        = {2016},
  note        = {doi: 10.1787/b6793677-en. Accessed on 18 October 2016. Organisation for Economic Co-operation and Development},
  url         = {https://data.oecd.org/gdp/investment-gfcf.htm#indicator-chart},
}

@misc{oecd2016RevenueStats,
  author      = {{OECD}},
  title       = {OECD Revenue Statistics},
  year        = {2016},
  note        = {OECD Countries -- comparative tables. Organisation for Economic Co-operation and Development},
  url         = {https://stats.oecd.org/Index.aspx?DataSetCode=REV},
}

@misc{oecd2016TaxDatabase,
  author      = {{OECD}},
  title       = {OECD Tax Database},
  year        = {2016},
  note        = {Table 11.1. Corporate income tax rate. Organisation for Economic Co-operation and Development},
  url         = {http://stats.oecd.org//Index.aspx\?QueryId=58204},
}

@misc{oecd.stat,
  author      = {{OECD}},
  title       = {OECD.Stat},
  year        = {2016},
  note        = {Organisation for Economic Co-operation and Development},
  url         = {http://stats.oecd.org/},
}

@book{OECD2016TaxPolicyReforms,
  author      = {OECD},
  title       = {Tax Policy Reforms in the OECD 2016},
  year        = {2016},
  address     = {Paris},
  publisher   = {Organisation for Economic Co-operation and Development Publishing},
  url         = {http://dx.doi.org/10.1787/9789264260399-en},
}

@Misc{ONS_dwellings,
  author      = {{ONS}},
  title       = {GFCF asset `Private sector dwellings' broken down to its components `dwellings new' and `dwellings improvements'},
  year        = {2016},
  url         = {https://www.ons.gov.uk/economy/grossdomesticproductgdp/adhocs/006164gfcfassetprivatesectordwellingsbrokendowntoitscomponentsdwellingsnewanddwellingsimprovements},
}

@misc{ONS_GDP,
  author      = {{ONS}},
  title       = {Gross Domestic Product at market prices: Current price: Seasonally adjusted Â£m},
  year        = {2016},
  note        = {Accessed 8 November 2016. Office for National Statistics},
  url         = {https://www.ons.gov.uk/economy/grossdomesticproductgdp/timeseries/ybha/edp2},
}

@Misc{ONS_Kstock,
  author      = {{ONS}},
  title       = {Gross and net capital stocks for total UK economy, by industry and asset, in current prices, chained volume measures and previous year's prices},
  year        = {2016},
  url         = {http://www.ons.gov.uk/economy/nationalaccounts/uksectoraccounts/datasets/grossandnetcapitalstocksfortotaleconomybyindustryandassetincurrentpricesandchainedvolumemeasures},
}

@article{ollivaud2015,
  author      = {Ollivaud, P. and Turner, D.},
  title       = {The effect of the global financial crisis on OECD potential output},
  year        = {2015},
  pages       = {41--60},
  journal     = {OECD Journal: Economic Studies},
  volume      = {2014},
  url         = {http://www.oecd-ilibrary.org/content/article/eco_studies-2014-5js64l2bv0zv},
}

@misc{Oulton2015,
  author      = {Oulton, Nicholas and Wallis, Gavin.},
  title       = {Integrated Estimates of Capital Stocks and Services for the United Kingdom: 1950-2013},
  year        = {2015},
  note        = {Centre for Economic Performance},
  url         = {http://cep.lse.ac.uk/pubs/download/dp1342.pdf},
}

@article{park2016depreciationsavings,
  author      = {Jongsang Park},
  journal     = {Journal of Public Economics},
  title       = {The impact of depreciation savings on investment: Evidence from the corporate Alternative Minimum Tax},
  year        = {2016},
  pages       = {87--104},
  volume      = {135},
  url         = {http://www.sciencedirect.com/science/article/pii/S0047272716000207},
}

@misc{Pinto_2014,
  author      = {Pinto, E. and Tevlin, S.},
  title       = {Perspectives on the Recent Weakness in Investment},
  year        = {2014},
  note        = {FEDS Notes},
  url         = {https://www.federalreserve.gov/econresdata/notes/feds-notes/2014/perspectives-on-the-recent-weakness-in-investments-20140521.html},
}


@misc{NAB_GSP,
  author      = {Polygenis, R. and Glen, J. and Lai, V. and Li, A. and Ziebell, P.},
  title       = {State Economic Handbook: July 2016},
  year        = {2016},
  note        = {National Australia Bank},
  url         = {http://business.nab.com.au/wp-content/uploads/2016/07/States-Overview_Jul16.pdf},
}


@misc{potter2016fixorfail,
  author      = {Michael Potter},
  title       = {Fix it or Fail: Why we must cut company tax now},
  year        = {2016},
  note        = {The Centre for Independent Studies, Research Report 20},
  url         = {https://www.cis.org.au/publications/research-reports/fix-it-or-fail-why-we-must-cut-company-tax-now},
}

@misc{PCprodrevdiscussion2016,
  author      = {{Productivity Commission}},
  title       = {Increasing Australia's future prosperity},
  year        = {2016},
  note        = {Productivity Commission Discussion Paper, 5 year productivity review, November 2016},
  url         = {http://www.pc.gov.au/inquiries/current/productivity-review/discussion/productivity-review-discussion.pdf},
}

@misc{PCprodupdate2016,
  author      = {{Productivity Commission}},
  title       = {PC Productivity Update},
  year        = {2016},
  url         = {http://www.pc.gov.au/research/ongoing/productivity-update/pc-productivity-update-2016/productivity-update-2016.pdf},
}


@misc{PCA_vacancy,
  author      = {{Property Council of Australia}},
  title       = {Office Market Report},
  year        = {2016},
  url         = {http://www.propertycouncil.com.au/Web/EventsServices/ResearchData/Office_Market_Report/Web/Events___Services/Research_Services/Office_market_report.aspx},
}

@misc{RBA2016_CPI,
  author      = {{RBA}},
  title       = {Consumer Price Inflation â€“ G1},
  year        = {2016},
  url         = {http://www.rba.gov.au/statistics/tables/xls/g01hist.xls},
}

@misc{RBA2016_rates,
  author      = {{RBA}},
  title       = {Indicator Lending Rates - F5},
  year        = {2016},
  url         = {http://www.rba.gov.au/statistics/tables/xls/f05hist.xls},
}

@misc{RBA2016_lendingaggregates,
  author      = {{RBA}},
  title       = {Lending and Credit Aggregates - D2},
  year        = {2017},
  url         = {http://www.rba.gov.au/statistics/tables/xls/d02hist.xls},
}

@misc{RBA2015_speech,
  author      = {{RBA}},
  title       = {Monetary Policy Transmission â€“ What's Known and What's Changed},
  year        = {2015},
  note        = {15 June 2015, Christopher Kent},
  url         = {http://www.rba.gov.au/speeches/2015/sp-ag-2015-06-15.html},
}

@misc{RBA2016,
  author      = {{RBA}},
  title       = {Statement on Monetary Policy, May 2016},
  year        = {2016},
  url         = {http://www.rba.gov.au/publications/smp/2016/may/pdf/statement-on-monetary-policy-2016-05.pdf},
}

@misc{RBA2017,
  author      = {{RBA}},
  title       = {Statement on Monetary Policy, February 2017},
  year        = {2017},
  url         = {http://www.rba.gov.au/publications/smp/2017/feb/},
}

  @misc{Rosnick_PotentialTrouble,
  author      = {Rosnick, David},
  title       = {Potential for Trouble: The IMF's Estimates of Potential GDP},
  year        = {2017},
  note        = {Accessed February 12, 2017. Centre for Economic and Policy Research},
  url         = {http://cepr.net/images/stories/reports/Potential-GDP-2016-04.pdf},
}

@misc{roymorgan2015,
  author      = {{Roy Morgan}},
  title       = {Roy Morgan Single Source (Australia), January 2005--December 2015},
  year        = {2015},
  note        = {Base: Australian grocery buyers 14+, weighted to households. Accessed 10th August 2016},
  url         = {http://www.roymorgan.com/findings/6762-supermarket-sweep-aldis-share-of-aussie-market-still-rising-201604142258},
}

@article{singer2014consumer,
  author      = {Singer, H. J.},
  journal     = {Available at SSRN 2397292},
  title       = {The Consumer Benefits of Efficient Mobile-Number-Portability Administration},
  year        = {2014},
}


@book{stern2015we,
  isbn        = {9780262029186},
  author      = {Nicholas Stern},
  title       = {Why Are We Waiting?: The Logic, Urgency, and Promise of Tackling Climate Change},
  year        = {2015},
  publisher   = {MIT Press},
  url         = {http://www.jstor.org/stable/j.ctt17kk7g6},
 }


@article{SummersAER2015,
  author      = {Summers, Lawrence},
  title       = {Demand Side Secular Stagnation},
  year        = {2015},
  journal     = {American Economic Review},
  number      = {5},
  pages       = {60-65},
  volume      = {105},
}


@inproceedings{sorensen2010taxing,
  author      = {S{\o}rensen, Peter Birch and Johnson, Shane Matthew},
  title       = {Taxing capital income: options for reform in Australia},
  year        = {2010},
  booktitle   = {Melbourne Institute, Australiaâ€™s Future Tax and Transfer Policy Conference},
  note        = {Chapter 9},
  pages       = {179--235},
}

@techreport{Terrill_2016,
  author      = {Terrill, M. and Emslie, O. and Coates, B.},
  title       = {Roads to riches: Better transport investment},
  year        = {2016},
  address     = {Melbourne},
  institution = {Grattan Institute},
  url         = {https://grattan.edu.au/report/roads-to-riches/},
}

@misc{treasury2016BudgetImpact,
  author      = {Treasury},
  title       = {Economy-wide modelling for the 2016-17 Budget},
  year        = {2016},
  url         = {http://www.treasury.gov.au/PublicationsAndMedia/Publications/2016/Modelling-for-2016-17-budget},
}


@misc{USbea_GDP,
  author      = {{US Bureau of Economic Analysis}},
  title       = {Table 1.1.5 Gross Domestic Product},
  year        = {2016},
  note        = {Accessed 8 November 2016},
  url         = {http://www.bea.gov/iTable/iTable.cfm?ReqID=9&step=1#reqid=9&step=3&isuri=1&904=1990&903=5&906=a&905=2016&910=x&911=0},
}

@misc{USbea_GFCFindustry,
  author      = {{US Bureau of Economic Analysis}},
  title       = {Table 3.7ESI. Investment in Private Fixed Assets by Industry},
  year        = {2016},
  note        = {Accessed 8 November 2016},
  url         = {http://www.bea.gov/iTable/iTable.cfm?ReqID=10&step=1#reqid=10&step=3&isuri=1&1003=138&1004=1990&1005=2015&1006=a&1011=0&1010=x},
}

@misc{USbea_savings,
  author      = {{US Bureau of Economic Analysis}},
  title       = {Table 5.1 Saving and Investment by Sector},
  year        = {2016},
  note        = {Accessed 28 November 2016},
  url         = {http://www.bea.gov/iTable/iTable.cfm?ReqID=9&step=1#reqid=9&step=3&isuri=1&904=1980&903=137&906=a&905=2015&910=x&911=0},
}

@misc{IMF-Walsh_FDI,
  author      = {Walsh, James P. and Yu, Jiangyan},
  title       = {Determinants of Foreign Direct Investment: A Sectoral and Institutional Approach},
  year        = {2010},
  note        = {International Monetary Fund},
  url         = {https://www.imf.org/external/pubs/ft/wp/2010/wp10187.pdf},
}

@article{West_Bentley,
  author      = {West, Jonathan and Bentley, Tom},
  journal     = {Griffith Review},
  title       = {Time for a new consensus: Fostering Australia's comparative advantages},
  year        = {2016},
  volume      = {51},
  url         = {https://griffithreview.com/time-for-a-new-consensus-e-book/},
}

@techreport{NBERw19327,
  author      = {Chong Wang and Neng Wang and Jinqiang Yang},
  title       = {Investment, Tobin's q, and Interest Rates},
  year        = {2013},
  institution = {National Bureau of Economic Research},
  month       = {August},
  doi         = {10.3386/w19327},
  number      = {19327},
  series      = {Working Paper Series},
  type        = {Working Paper},
  url         = {http://www.nber.org/papers/w19327},
}


@misc{WB_doingbusiness,
  author      = {{World Bank}},
  title       = {Doing Business 2017: Equal Opportunity for All},
  year        = {2017},
  url         = {http://www.doingbusiness.org/~/media/WBG/DoingBusiness/Documents/Annual-Reports/English/DB17-Report.pdf},
}

@misc{WEF2016_competitiveness,
  author      = {{World Economic Forum}},
  title       = {The Global Competitiveness Report 2016-2017},
  year        = {2016},
  note        = {Klaus Schwab, ed.},
  url         = {http://www3.weforum.org/docs/GCR2016-2017/05FullReport/TheGlobalCompetitivenessReport2016-2017_FINAL.pdf},
}

@misc{Government2016Enterprise-Bill,
  author      = {\textup{Treasury Laws Amendment (Enterprise Tax Plan) Bill 2016}},
  year        = {Cth},
  url         = {http://www.aph.gov.au/Parliamentary_Business/Bills_Legislation/Bills_Search_Results/Result?bId=r5684},
}

@misc{morrison2016myefo,
  author      = {{Commonwealth of Australia}},
  title       = {Mid-year economics and fiscal outlook 2016--17},
  year        = {2016},
  url         = {http://budget.gov.au/2016-17/content/myefo/html/},
}

@article{emerson2016accelerated,
  author      = {Craig Emerson},
  journal     = {Australian Financial Review},
  title       = {There is a growth alternative to cutting company taxes},
  date        = {2016-06-06},
  url         = {http://www.afr.com/opinion/columnists/craig-emerson-there-is-a-growth-alternative-to-cutting-company-taxes-20160606-gpchqd},
}

@article{dennis2016accelerated,
  author      = {Richard Dennis},
  journal     = {Independent Australia},
  title       = {Q. How will the Turnbull Government's corporate tax cut be funded?},
  date        = {2016-06-02},
  url         = {https://independentaustralia.net/politics/politics-display/q-how-will-the-turnbull-governments-corporate-tax-cut-be-funded,9059},
}

@misc{Government1999NewTax,
  author      = {{Commonwealth of Australia}},
  title       = {Bills Digest No. 84  1999-2000 New Business Tax System (Income Tax Rates) Bill (No. 1) 1999},
  year        = {1999},
  note        = {The Parliament of the Commonwealth of Australia.},
  url         = {http://www.aph.gov.au/Parliamentary_Business/Bills_Legislation/bd/Bd9900/2000bd084},
}

@article{djankov2010corporate,
  author      = {Simeon Djankov and Tim Ganser and Caralee McLiesh and Rita Ramalho and Andrei Shleifer},
  journal     = {American Economic Journal: Macroeconomics},
  title       = {The effect of corporate taxes on investment and entrepreneurship},
  year        = {2010},
  volume      = {2},
  pages       = {31--64},
}

@article{cummins1996taxreforms,
  author      = {Jason G. Cummins and Kevin A. Hassett and R. Glenn Hubbard},
  journal     = {Journal of Public Economics},
  title       = {Tax reforms and investment: a cross-country comparison},
  year        = {1996},
  volume      = {62},
  pages       = {237--273},
}

@article{auerbach1983taxation,
  author      = {Alan Auerbach},
  title       = {Taxation, corporate financial policy and the cost of capital},
  journal     = {Journal of Economic Literature},
  year        = {1983},
  volume      = {21},
  number      = {3},
  pages       = {905--940},
  url         = {https://www.jstor.org/stable/2724911?seq=1#page_scan_tab_contents},
}

@misc{NAB2016capacity,
  author      = {NAB},
  title       = {NAB Quarterly Business Survey: December 2016},
  year        = {2016},
  note        = {National Australia Bank},
  url         = {http://business.nab.com.au/nab-quarterly-business-survey-december-2016-22418/},
}

@misc{oecd2015base_erosion,
  author      = {OECD},
  title       = {G20 finance ministers endorse reforms to the international tax system for curbing avoidance by multinational enterprises},
  date        = {2015-10-09},
  note        = {Organisation for Economic Co-operation and Development},
  url         = {http://www.oecd.org/tax/g20-finance-ministers-endorse-reforms-to-the-international-tax-system-for-curbing-avoidance-by-multinational-enterprises.htm},
}
